<marc:record xmlns:marc="http://www.loc.gov/MARC21/slim"><marc:leader>00362nam a22001450a 45 0</marc:leader><marc:controlfield tag="001">306627</marc:controlfield><marc:controlfield tag="003">NL-AMISG</marc:controlfield><marc:controlfield tag="005">19950210234845.0</marc:controlfield><marc:controlfield tag="008">199502suuuuuuuu||||||||||||||||||||||| d</marc:controlfield><marc:datafield ind1=" " ind2=" " tag="035"><marc:subfield code="a">(IISG)IISGb10058444</marc:subfield></marc:datafield><marc:datafield ind1=" " ind2=" " tag="040"><marc:subfield code="a">NL-AmISG</marc:subfield></marc:datafield><marc:datafield ind1="1" ind2=" " tag="100"><marc:subfield code="a">Bil'basov, V.A.</marc:subfield></marc:datafield><marc:datafield ind1="1" ind2="0" tag="245"><marc:subfield code="a">Istorija Ekateriny vtoroj. Tom pervyj. T. 12-j. Č. 1-aja.</marc:subfield></marc:datafield><marc:datafield ind1=" " ind2=" " tag="260"><marc:subfield code="a">Berlin :</marc:subfield><marc:subfield code="b">Stuhr'sche Buchhandlung,</marc:subfield><marc:subfield code="c">bez. g.</marc:subfield></marc:datafield><marc:datafield ind1=" " ind2=" " tag="300"><marc:subfield code="a">564 str.</marc:subfield></marc:datafield><marc:datafield ind1=" " ind2=" " tag="500"><marc:subfield code="a">S ukaz-mi.</marc:subfield></marc:datafield><marc:datafield ind1=" " ind2=" " tag="852"><marc:subfield code="a">IISG</marc:subfield><marc:subfield code="b">IISG</marc:subfield><marc:subfield code="c">IISG</marc:subfield><marc:subfield code="j">ACCR/720</marc:subfield><marc:subfield code="p">N10057815</marc:subfield></marc:datafield><marc:datafield ind1=" " ind2=" " tag="901"><marc:subfield code="a">306627</marc:subfield><marc:subfield code="b">Unknown</marc:subfield><marc:subfield code="c">306627</marc:subfield><marc:subfield code="t">biblio</marc:subfield></marc:datafield><marc:datafield ind1=" " ind2=" " tag="902"><marc:subfield code="a">10622/C926033A-5A47-4648-BF19-24CEF3CBF387</marc:subfield></marc:datafield></marc:record>